<record><leader>00000cas a22000007a 4500</leader><controlfield tag="001">11363619</controlfield><controlfield tag="008">841108d18681884iauwr ne      0    0eng d</controlfield><datafield ind1=" " ind2=" " tag="010"><subfield code="a">sn 84038619 </subfield></datafield><datafield ind1=" " ind2=" " tag="040"><subfield code="a">NPX</subfield><subfield code="b">eng</subfield><subfield code="c">NPX</subfield><subfield code="d">INP</subfield><subfield code="d">OCLCQ</subfield></datafield><datafield ind1=" " ind2=" " tag="042"><subfield code="a">msc</subfield></datafield><datafield ind1="0" ind2=" " tag="130"><subfield code="a">West Union Republican gazette (West Union, Iowa : 1868)</subfield></datafield><datafield ind1="1" ind2="4" tag="245"><subfield code="a">The West Union Republican gazette.</subfield></datafield><datafield ind1="3" ind2="0" tag="246"><subfield code="a">West Union gazette</subfield></datafield><datafield ind1=" " ind2=" " tag="260"><subfield code="a">West Union, Fayette Co., Iowa :</subfield><subfield code="b">C.H. Talmadge,</subfield><subfield code="c">1868-1884.</subfield></datafield><datafield ind1=" " ind2=" " tag="300"><subfield code="a">v. :</subfield><subfield code="b">ill.</subfield></datafield><datafield ind1=" " ind2=" " tag="310"><subfield code="a">Weekly</subfield></datafield><datafield ind1="0" ind2=" " tag="362"><subfield code="a">Vol. 1, no. 42 (Oct. 3, 1868)-v. 2, no. 56 (Jan. 16, 1869) ; vol. 2, no. 4 (Jan. 23, 1869)-v. 16, no. 3 (Jan. 25, 1883) ; Feb. 2, 1883-Feb. 1, 1884.</subfield></datafield><datafield ind1=" " ind2=" " tag="500"><subfield code="a">"Republican" appears above title ornament, &lt;Dec. 10, 1880-Oct. 6, 1882&gt;.</subfield></datafield><datafield ind1=" " ind2=" " tag="500"><subfield code="a">Publisher varies.</subfield></datafield><datafield ind1=" " ind2=" " tag="500"><subfield code="a">Editor: C.H. Talmadge, &lt;1876&gt;.</subfield></datafield><datafield ind1=" " ind2=" " tag="515"><subfield code="a">Vol. 2, no. 4-56 repeated in numbering; v. 2, no. 56 (Jan. 16, 1869) misdated Jan. 16, 1868; v. 12, no. 34 (Aug. 22, 1879) misnumbered v. 11, no. 34; v. 16, no. 2 repeated in numbering Jan. 19, 1883.</subfield></datafield><datafield ind1=" " ind2=" " tag="515"><subfield code="a">Issues for Jan. 23, 1869-Feb. 1, 1884 called also whole no. 57-weekly no. 837; some weekly no. repeated in numbering; issues for Feb. 2, 1883-Feb. 1, 1884 called also semi-weekly no. 8-104.</subfield></datafield><datafield ind1=" " ind2=" " tag="515"><subfield code="a">Issues for Feb. 2, 1883-Jan. 29, 1884 numbered within the year.</subfield></datafield><datafield ind1=" " ind2=" " tag="580"><subfield code="a">Semiweekly ed.: West Union Republican gazette (West Union, Iowa : 1883), &lt;Jan. 12, 1883&gt;-1884.</subfield></datafield><datafield ind1=" " ind2=" " tag="752"><subfield code="a">United States</subfield><subfield code="b">Iowa</subfield><subfield code="c">Fayette</subfield><subfield code="d">West Union.</subfield></datafield><datafield ind1="1" ind2=" " tag="775"><subfield code="t">West Union Republican gazette (West Union, Iowa : 1883)</subfield><subfield code="w">(DLC)sn 89057185</subfield><subfield code="g">&lt;Jan. 12, 1883&gt;-1884</subfield></datafield><datafield ind1="0" ind2="0" tag="780"><subfield code="t">West Union gazette, and Clermont leader</subfield><subfield code="w">(DLC)sn 88059430</subfield></datafield><datafield ind1="0" ind2="0" tag="785"><subfield code="t">West Union weekly Republican gazette</subfield><subfield code="w">(DLC)sn 88059745</subfield></datafield><datafield ind1="1" ind2=" " tag="029"><subfield code="a">AU@</subfield><subfield code="b">000025822544</subfield></datafield></record>